@ARTICLE {lishuangliyiwenwangdegenhuang2013,
    author  = "Lishuang Li, Yiwen Wang, Degen Huang",
    title   = "Improving Feature-Based Biomedical Event Extraction System by Integrating Argument Information",
    journal = "Proceedings of the BioNLP Shared Task 2013 Workshop",
    year    = "2013",
    pages   = "109–115"
}
@ARTICLE {arzucanozgurdragomirr.radev2009,
    author  = "Arzucan Ozgur, Dragomir R. Radev",
    title   = "Supervised Classification for Extracting Biomedical Events",
    journal = "Proceedings of the Workshop on BioNLP",
    year    = "2009",
    pages   = "111–114"
}
@ARTICLE {makotomiwarunesætrejindongkimjun’ichitsujii2010,
    author  = "MAKOTO MIWA, RUNE SÆTRE, JIN-DONG KIM, JUN’ICHI TSUJII",
    title   = "EVENT EXTRACTION WITH COMPLEX EVENT CLASSIFICATION USING RICH FEATURES",
    journal = "Journal of Bioinformatics and Computational Biology",
    year    = "2010",
    pages   = "135"
}
@ARTICLE {deepakvenugopalchenchenvibhavgogatevincentng2014,
    author  = "Deepak Venugopal, Chen Chen, Vibhav Gogate, Vincent Ng",
    title   = "Relieving the Computational Bottleneck: Joint Inference for Event Extraction with High-Dimensional Features",
    journal = ". In Proceedings of EMNLP",
    year    = "2014"
}